[gd_scene load_steps=8 format=3 uid="uid://sdt4w41dl7h7"]

[ext_resource type="Script" path="res://enemyhouse.gd" id="1_cp2db"]
[ext_resource type="Texture2D" uid="uid://duh1q4gplrnvc" path="res://Assets/png/enemies/enemyhouse.png" id="1_mdh6j"]
[ext_resource type="Texture2D" uid="uid://bgi8qegas15ep" path="res://Assets/png/enemies/enemyhouse_2.png" id="3_orlhr"]
[ext_resource type="AudioStream" uid="uid://ccwogg2wixrlb" path="res://Assets/sounds/enemyhouse_first.mp3" id="4_gkcc2"]
[ext_resource type="AudioStream" uid="uid://bbgktgocobial" path="res://Assets/sounds/enemyhouse_second.mp3" id="5_a67nl"]

[sub_resource type="RectangleShape2D" id="RectangleShape2D_ur6xd"]
size = Vector2(18, 18)

[sub_resource type="SpriteFrames" id="SpriteFrames_3aq3x"]
animations = [{
"frames": [{
"duration": 1.0,
"texture": ExtResource("1_mdh6j")
}],
"loop": true,
"name": &"first",
"speed": 5.0
}, {
"frames": [{
"duration": 1.0,
"texture": ExtResource("3_orlhr")
}],
"loop": true,
"name": &"second",
"speed": 5.0
}]

[node name="enemyHouse" type="StaticBody2D"]
script = ExtResource("1_cp2db")

[node name="CollisionShape2D" type="CollisionShape2D" parent="."]
shape = SubResource("RectangleShape2D_ur6xd")

[node name="Sprite2D" type="Sprite2D" parent="."]
visible = false
texture = ExtResource("1_mdh6j")

[node name="SpawnPosition" type="Marker2D" parent="."]
position = Vector2(17, 0)

[node name="VisibleOnScreenNotifier2D" type="VisibleOnScreenNotifier2D" parent="."]

[node name="AnimatedSprite2D" type="AnimatedSprite2D" parent="."]
sprite_frames = SubResource("SpriteFrames_3aq3x")
animation = &"first"

[node name="First" type="AudioStreamPlayer" parent="."]
stream = ExtResource("4_gkcc2")
bus = &"Scenary"

[node name="Second" type="AudioStreamPlayer" parent="."]
stream = ExtResource("5_a67nl")
bus = &"Scenary"

[connection signal="screen_entered" from="VisibleOnScreenNotifier2D" to="." method="_on_VisibleOnScreenNotifier2D_screen_entered"]
[connection signal="screen_exited" from="VisibleOnScreenNotifier2D" to="." method="_on_VisibleOnScreenNotifier2D_screen_exited"]
